
@book{agha1986,
  location = {{Cambridge, Mass}},
  title = {Actors: A Model of Concurrent Computation in Distributed Systems},
  isbn = {978-0-262-01092-4},
  shorttitle = {Actors},
  pagetotal = {144},
  timestamp = {2017-06-12T13:58:11Z},
  series = {The MIT Press series in artificial intelligence},
  publisher = {{MIT Press}},
  author = {Agha, Gul A.},
  date = {1986},
  keywords = {Distributed processing,Electronic data processing,Parallel processing (Electronic computers)},
  file = {Deprecating the Observer Pattern (Maier, 2010).pdf:/home/iquabius/.zotero/zotero/2zk0h4k6.default/zotero/storage/XRGT2WSU/Deprecating the Observer Pattern (Maier, 2010).pdf:application/pdf}
}

@inproceedings{reynders2014,
  title = {Multi-{{Tier Functional Reactive Programming}} for the {{Web}}},
  isbn = {978-1-4503-3210-1},
  url = {http://dl.acm.org/citation.cfm?doid=2661136.2661140},
  doi = {10.1145/2661136.2661140},
  timestamp = {2017-07-10T22:01:24Z},
  langid = {english},
  publisher = {{ACM Press}},
  author = {Reynders, Bob and Devriese, Dominique and Piessens, Frank},
  urldate = {2017-07-10},
  date = {2014},
  pages = {55--68}
}

@report{noble1994,
  location = {{York, UK}},
  title = {Functional {{Languages}} and {{Graphical User Interfaces}}: {{A Review}} and a {{Case Study}}},
  url = {https://www.cs.york.ac.uk/ftpdir/reports/94/YCS/223/YCS-94-223.us.ps.Z},
  shorttitle = {Functional {{Languages}} and {{Graphical User Interfaces}}},
  timestamp = {2017-08-01T04:01:28Z},
  langid = {english},
  institution = {{University of York, Computer Science Department}},
  author = {Noble, Rob and Runciman, Colin},
  urldate = {2017-07-11},
  date = {1994},
  pages = {49},
  file = {Functional Languages and Graphical User Interfaces - a review and a case study (Rob Noble, 1994).pdf:/home/iquabius/Work/Unemat/Ciência da Computação/TCC/Literatura/Programação Funcional/1994. Noble, Rob. Functional Languages and Graphical User Interfaces - a review and a case study.pdf:application/pdf}
}

@article{gavidia1997,
  title = {Programação funcional usando Java},
  url = {http://www.lume.ufrgs.br/handle/10183/20923},
  abstract = {Desde a introdução da World Wide Web para o mundo nos inícios de 1990, usando a Internet como uma rede para transferir dados, empregando uma forma de expressão chamada de Hipertexto, a qual liga as informações relacionadas e combinadas com multimídia, os Webs resultantes têm aberto novas possibilidades de expressão e comunicação. A quantidade de tráfego de dados na Web e o número de computadores ofertando informação vem crescendo dramaticamente, mas falta expressividade e qualidade interativa na Web; ainda assim, vem despertando um grande interesse instrutivo e útil. O ilimitado universo de possibilidades da Web para acessar aplicações seguras, portáveis e independentes para cada plataforma em hardware e software e que possam chegar a qualquer lugar sobre a Internet, surge a linguagem Java da Sun Microsystem [DEC 95]. A habilidade de Java para executar código sobre hosts remotos de uma maneira segura é uma necessidade crítica para muitas organizações de desenvolvedores de software e provedores de Internet na atualidade [ARN 96]. A linguagem Java é realmente valiosa para redes de ambientes distribuídos como a Web.  Entretanto, Java vai mais longe deste domínio ao fornecer uma linguagem de programação de propósito geral poderosa e adequada para construir uma variedade de aplicações que não dependem das características da rede [ARN 96]. O modelo imperativo tradicional é padrão e quase universal vem tendo uma profunda influência sobre a natureza das linguagens de programação e ainda continua a tendência de sempre ter uma direção para fornecer mais e mais formas abstratas de resolver problemas, tentando mudar a simplicidade na programação com rapidez na execução de programas [FIE 88]. Parece. portanto, natural e quase inevitável o desenvolvimento em tecnologia das linguagens. Os amplos esforços gastos em desenvolver métodos rigorosos para especificar, produzir, verificar software e produtos de hardware, mas os esforços foram restringidos às linguagens convencionais. A aproximação natural de Von Neumann tem contribuído a esta falha desde a noção de um estado global que pode mudar arbitrariamente em cada passo da computação e vem sendo provado ser intuitivamente e matematicamente intratável. Esta falha tem tornado ao software o componente mais caro para muitos sistemas de computação [GLA 84].  Os primeiros passos para solucionar estas falhas foram tomadas pela programação estruturada ao trabalhar nas áreas de especificação formal, verificação de programas e na semântica formal que ainda continuam em pesquisa. O crescimento numeroso de pesquisadores têm certeza de que os problemas originam-se da aproximação fundamental à filosofia de Von Neumann e estão voltando-se para uma linguagem de um novo tipo. Uma de tais aproximações é a tomada pelas linguagens de programação funcional [PLA 93]. Num programa funcional, o resultado de uma função chamada é unicamente determinado pelos valores atuais dos argumentos da função [PLA 93]. As linguagens de programação funcional têm a vantagem que elas oferecem um uso geral das funções, o qual não esta disponível nas linguagens imperativas clássicas. Devido a ausência de efeitos colaterais, as provas de correção dos programas são mais fáceis que nas linguagens imperativas. As funções podem ser avaliadas em qualquer ordem assim como a disponibilidade total das mesmas, a nova geração de linguagens funcionais também oferecem uma elegante noção de uso amigável [PLA 93].  Os padrões e a proteção que fornecem ao usuário um acesso simples a estruturas de dados complexos, basicamente não tendo a preocupação do gerenciamento da memória, como faz a linguagem Java. O objetivo principal deste trabalho é a descrição da implementação de um Construtor de Funções Java (LispJ), usado para gerar funções Lisp em código Java utilizando a linguagem Java da Sun Microsystem como ambiente de desenvolvimento. A descrição compreende a codificação de um Interpretador Lisp da linguagem funcional LISP, e a codificação do Construtor de Funções Java visualizado através de um applet Java utilizado como interface entre o Construtor de Funções Java e o usuário sobre a Internet.},
  timestamp = {2017-01-25T05:57:25Z},
  langid = {por},
  author = {Gavidia, Zavaleta and Juan, Jorge},
  urldate = {2017-01-25},
  date = {1997},
  file = {Snapshot:/home/iquabius/.zotero/zotero/2zk0h4k6.default/zotero/storage/83V6X32A/20923.html:text/html}
}

@inproceedings{salvaneschi2013,
  title = {Reactive Behavior in Object-Oriented Applications: An Analysis and a Research Roadmap},
  url = {http://dl.acm.org/citation.cfm?id=2451442},
  shorttitle = {Reactive Behavior in Object-Oriented Applications},
  timestamp = {2017-01-24T23:17:40Z},
  booktitle = {Proceedings of the 12th Annual International Conference on {{Aspect}}-Oriented Software Development},
  publisher = {{ACM}},
  author = {Salvaneschi, Guido and Mezini, Mira},
  urldate = {2017-01-24},
  date = {2013},
  pages = {37--48}
}

@inproceedings{sawada2016,
  location = {{New York, NY, USA}},
  title = {Emfrp: {{A Functional Reactive Programming Language}} for {{Small}}-Scale {{Embedded Systems}}},
  isbn = {978-1-4503-4033-5},
  url = {http://doi.acm.org/10.1145/2892664.2892670},
  doi = {10.1145/2892664.2892670},
  shorttitle = {Emfrp},
  abstract = {In this paper, we introduce a new functional reactive programming (FRP) language Emfrp designed to support small-scale embedded systems. An Emfrp program defines a system as a fixed directed graph whose nodes correspond to the time-varying values in the system. The language equips a simple mechanism that enables each node to refer the past values of arbitrary nodes. Using this mechanism, Emfrp provides simplicity and flexibility for describing complex time-dependent reactive behaviors without space and time leaks. Our Emfrp compiler produces platform-independent ANSI-C code that can run on multiple processors including resource constrained microcontrollers. To demonstrate the capabilities of the language, we show a simple but non-trivial example application.},
  timestamp = {2017-01-20T19:44:39Z},
  booktitle = {Companion {{Proceedings}} of the 15th {{International Conference}} on {{Modularity}}},
  series = {MODULARITY Companion 2016},
  publisher = {{ACM}},
  author = {Sawada, Kensuke and Watanabe, Takuo},
  urldate = {2017-01-20},
  date = {2016},
  pages = {36--44},
  keywords = {Embedded Systems,Functional Reactive Programming}
}

@incollection{hughes1990,
  location = {{Reading, Pennsylvania}},
  title = {Why Functional Programming Matters},
  timestamp = {2017-07-31T22:09:44Z},
  booktitle = {Research {{Topics}} in {{Functional Programming}}},
  publisher = {{Addison-Wesley}},
  author = {Hughes, R. John M.},
  date = {1990},
  pages = {17--42},
  file = {1990, John Hughes. Why Functional Programming Matters.pdf:/home/iquabius/Work/Unemat/Ciência da Computação/TCC/Literatura/Programação Funcional/1990. Hughes, John. Why Functional Programming Matters. University of Glasgow.pdf:application/pdf}
}

@book{minasi1994,
  location = {{San Francisco}},
  title = {Secrets of {{Effective Gui Design}}},
  isbn = {978-0-7821-1495-9},
  abstract = {This book is the design guide that every programmer needs to be able to create the effective graphical programs of the future. It provides the "grammar" and "rules" of effective design. The book explains the use of controls, window placement, dialog-box construction, the effective use of colors and fonts, and many other stylistic issues.},
  pagetotal = {200},
  timestamp = {2016-07-07T15:45:53Z},
  langid = {english},
  publisher = {{Sybex Inc}},
  author = {Minasi, Mark},
  date = {1994-02},
  keywords = {gui,programming}
}

@article{lemos2015,
  title = {Web {{Service Composition}}: {{A Survey}} of {{Techniques}} and {{Tools}}},
  volume = {48},
  issn = {03600300},
  url = {http://dl.acm.org/citation.cfm?doid=2856149.2831270},
  doi = {10.1145/2831270},
  shorttitle = {Web {{Service Composition}}},
  timestamp = {2017-06-30T01:17:31Z},
  langid = {english},
  number = {3},
  journaltitle = {ACM Computing Surveys},
  author = {Lemos, Angel Lagares and Daniel, Florian and Benatallah, Boualem},
  urldate = {2017-06-30},
  date = {2015-12-09},
  pages = {1--41},
  file = {LagaresCSUR2015.pdf:/home/iquabius/.zotero/zotero/2zk0h4k6.default/zotero/storage/6WGMSNIF/LagaresCSUR2015.pdf:application/pdf}
}

@book{blackheath2016,
  location = {{Shelter Island, NY, USA}},
  title = {Functional {{Reactive Programming}}},
  isbn = {978-1-63343-010-5},
  abstract = {Most software applications must handle user or system-generated events. The most widely-accepted event handling model is the Observer pattern, in which an object "listens" for changes in the application's state and then reacts by executing a unit of code—the problems is that this approach is prone to bugs.Functional Reactive Programming (FRP) is an alternative to the Observer pattern. It's designed to deal with events as a stream of values over time rather than as a series of unique responses to discrete changes in state, keeping logic tidy and eliminating the bugs that plague event handling code with no loss of expressiveness. FRP is useful anywhere the Observer pattern is common, including user interfaces, video games, networking, and industrial applications.Functional Reactive Programming teaches the concepts and applications of FRP. It begins with a careful walk-through of the FRP core operations and introduces the concepts and techniques needed to use FRP in any language. Following easy-to-understand examples, readers will learn how to use FRP in greenfield applications and how to refactor existing applications. Along the way, the book introduces the basics of functional programming in a just-in-time style, so readers never learn anything before they need to use it. By the end of the book, readers will be able to use FRP to spend more time adding features and less time fixing problems.Purchase of the print book includes a free eBook in PDF, Kindle, and ePub formats from Manning Publications.},
  pagetotal = {320},
  timestamp = {2017-08-02T07:30:42Z},
  langid = {english},
  publisher = {{Manning Publications}},
  author = {Blackheath, Stephen and Jones, Anthony},
  date = {2016-08-31},
  keywords = {interests:programming,needs metadata,review,writings:books},
  file = {Blackheath et al, 2016. Functional Reactive Programming. Manning Publications.pdf:/home/iquabius/.zotero/zotero/2zk0h4k6.default/zotero/storage/NTDP2SXB/Blackheath et al, 2016. Functional Reactive Programming. Manning Publications.pdf:application/pdf},
  groups = {FRP}
}

@book{roy2004,
  location = {{Cambridge, MA, USA}},
  title = {Concepts, Techniques, and Models of Computer Programming},
  isbn = {0-262-22069-5},
  url = {http://ctm.info.ucl.ac.be},
  pagetotal = {896},
  timestamp = {2017-08-02T05:10:28Z},
  langid = {english},
  publisher = {{MIT Press}},
  author = {Roy, Peter Van and Haridi, Seif},
  date = {2004},
  file = {Snapshot:/home/iquabius/.zotero/zotero/2zk0h4k6.default/zotero/storage/PT66TDQZ/books.html:text/html}
}

@inproceedings{moseley2006,
  location = {{St Neots, UK}},
  title = {Out of the {{Tar Pit}}},
  url = {http://www.shaffner.us/cs/papers/tarpit.pdf},
  eventtitle = {BCS Software Practice Advancement},
  timestamp = {2017-08-02T07:23:00Z},
  booktitle = {Software {{Practice Advancement}} ({{SPA}}’06)},
  author = {Moseley, Ben and Marks, Peter},
  urldate = {2017-01-24},
  date = {2006},
  pages = {66}
}

@book{sebesta2009,
  title = {Conceitos de Linguagens de Programação},
  url = {https://books.google.com.br/books?hl=en&lr=&id=vPldwBmt-9wC&oi=fnd&pg=PR5&dq=Conceitos+de+Linguagens+de+programa%C3%A7%C3%A3o+robert+sebesta&ots=e1Q9Z9Yhmi&sig=XzmPjajQBjSXcLAanig1qTyxw2E},
  timestamp = {2016-08-30T20:37:57Z},
  publisher = {{Bookman Editora}},
  author = {Sebesta, Robert W.},
  urldate = {2016-08-30},
  date = {2009},
  keywords = {interests:programming,review,writings:books},
  file = {Snapshot:/home/iquabius/.zotero/zotero/2zk0h4k6.default/zotero/storage/P2P2BZAE/books.html:text/html}
}

@inproceedings{meyerovich2009,
  title = {Flapjax: A Programming Language for {{Ajax}} Applications},
  volume = {44},
  url = {http://dl.acm.org/citation.cfm?id=1640091},
  shorttitle = {Flapjax},
  timestamp = {2017-01-24T23:17:33Z},
  booktitle = {{{ACM SIGPLAN Notices}}},
  publisher = {{ACM}},
  author = {Meyerovich, Leo A. and Guha, Arjun and Baskin, Jacob and Cooper, Gregory H. and Greenberg, Michael and Bromfield, Aleks and Krishnamurthi, Shriram},
  urldate = {2017-01-24},
  date = {2009},
  pages = {1--20}
}

@book{abelson1996,
  title = {Structure and Interpretation of Computer Programs},
  url = {http://books.google.com/books?hl=en&lr=&id=MXZQAwAAQBAJ&oi=fnd&pg=PR9&dq=%22Naming+and+the+Environment+.+.+.+.+.+.+.+.+.+.%22+%22Linear+Recursion+and+Iteration+.+.+.+.+.+.+.+.%22+&ots=oZtIMVXZsu&sig=33_c3703q_8uXEZBXObR87_qnr8},
  timestamp = {2017-07-02T22:21:09Z},
  publisher = {{Justin Kelly}},
  author = {Abelson, Harold and Sussman, Gerald Jay and Sussman, Julie},
  urldate = {2017-07-02},
  date = {1996}
}

@article{gil1994,
  title = {Como Elaborar Projetos de Pesquisa. {{São Paulo}}: {{Atlas}}, 2002},
  volume = {5},
  shorttitle = {Como Elaborar Projetos de Pesquisa. {{São Paulo}}},
  timestamp = {2017-06-22T23:35:54Z},
  journaltitle = {Métodos e técnicas de pesquisa social},
  author = {Gil, Antonio Carlos},
  date = {1994},
  pages = {64--73}
}

@inproceedings{salvaneschi2015,
  location = {{Florence, Italy}},
  title = {Reactive Programming: {{A}} Walkthrough},
  volume = {2},
  url = {http://ieeexplore.ieee.org/abstract/document/7203125/},
  shorttitle = {Reactive Programming},
  eventtitle = {International Conference on Software Engineering (ICSE)},
  timestamp = {2017-08-02T04:32:21Z},
  booktitle = {Proceedings of the 37th {{International Conference}} on {{Software Engineering}}},
  publisher = {{IEEE}},
  author = {Salvaneschi, Guido and Margara, Alessandro and Tamburrelli, Giordano},
  urldate = {2017-01-24},
  date = {2015},
  pages = {953--954},
  file = {Salvaneschi-2015-Reactive_programming.pdf:/home/iquabius/Work/Unemat/Ciência da Computação/TCC/Literatura/Programação Reativa/2015. Salvaneschi, Guido. Reactive Programming - a Walkthrough.annotated.pdf:application/pdf}
}

@incollection{roy2009,
  location = {{Sampzon}},
  title = {Programming Paradigms for Dummies: {{What}} Every Programmer Should Know},
  volume = {104},
  url = {http://hiperc.buffalostate.edu/courses/ACM612-F15/uploads/ACM612/VanRoy-Programming.pdf},
  shorttitle = {Programming Paradigms for Dummies},
  abstract = {This chapter gives an introduction to all the main programming paradigms, their underlying concepts, and the relationships between them. We give a broad view to help programmers choose the right concepts they need to solve the problems at hand. We give a taxonomy of almost 30 useful programming paradigms and how they are related. Most of them differ only in one or a few concepts, but this can make a world of difference in programming. We explain briefly how programming paradigms influence language
design, and we show two sweet spots: dual-paradigm languages and a definitive language. We introduce the main concepts of programming languages: records, closures, independence (concurrency), and named state. We explain the main principles of data abstraction and how it lets us organize large programs. Finally, we conclude by focusing on concurrency, which is widely considered the hardest concept to program with. We present four little-known but important paradigms that greatly simplify concurrent programming with respect to mainstream languages: declarative concurrency (both eager and lazy), functional reactive programming, discrete synchronous programming, and constraint programming. These paradigms have no race conditions and can be used in cases where no other paradigm works. We explain why for multi-core processors and we give several examples from computer music, which often uses these paradigms.

More is not better (or worse) than less, just different.
– The paradigm paradox.},
  timestamp = {2017-08-01T22:38:32Z},
  langid = {english},
  booktitle = {New Computational Paradigms for Computer Music},
  series = {Collection Musique/sciences},
  publisher = {{Delatour France}},
  author = {Roy, Peter Van},
  urldate = {2017-06-30},
  date = {2009},
  pages = {9--47},
  note = {Publicação dos anais do colóquio New Computational Paradigms for Computer Music, 11 de jun. 2007, IRCAM, Paris, França.},
  file = {Roy, 2009. Programming paradigms for dummies. Delatour France.pdf:/home/iquabius/.zotero/zotero/2zk0h4k6.default/zotero/storage/TIM7XGAM/Roy, 2009. Programming paradigms for dummies. Delatour France.pdf:application/pdf}
}

@article{belikov2013,
  title = {A Survey of High-Level Parallel Programming Models},
  url = {http://www.macs.hw.ac.uk/cs/techreps/docs/files/HW-MACS-TR-0103.pdf},
  timestamp = {2017-06-30T01:26:41Z},
  journaltitle = {Heriot-Watt University, Edinburgh, UK},
  author = {Belikov, Evgenij and Deligiannis, Pantazis and Totoo, Prabhat and Aljabri, Malak and Loidl, Hans-Wolfgang},
  urldate = {2017-06-30},
  date = {2013},
  file = {Belikov et al. - 2013 - A survey of high-level parallel programming models.pdf:/home/iquabius/.zotero/zotero/2zk0h4k6.default/zotero/storage/F453SQHQ/Belikov et al. - 2013 - A survey of high-level parallel programming models.pdf:application/pdf}
}

@book{turner1990,
  title = {Research Topics in Functional Programming},
  url = {http://dl.acm.org/citation.cfm?id=119830},
  timestamp = {2017-07-03T01:24:23Z},
  publisher = {{Addison-Wesley Longman Publishing Co., Inc.}},
  author = {Turner, David A.},
  date = {1990},
  file = {Snapshot:/home/iquabius/.zotero/zotero/2zk0h4k6.default/zotero/storage/7SQZ5CE8/citation.html:text/html}
}

@inproceedings{kambona2013,
  title = {An Evaluation of Reactive Programming and Promises for Structuring Collaborative Web Applications},
  url = {http://dl.acm.org/citation.cfm?id=2489802},
  timestamp = {2017-01-24T23:17:14Z},
  booktitle = {Proceedings of the 7th {{Workshop}} on {{Dynamic Languages}} and {{Applications}}},
  publisher = {{ACM}},
  author = {Kambona, Kennedy and Boix, Elisa Gonzalez and De Meuter, Wolfgang},
  urldate = {2017-01-24},
  date = {2013},
  pages = {3}
}

@inproceedings{jarvi2008,
  location = {{Nashville, TN, USA}},
  title = {Property Models: From Incidental Algorithms to Reusable Components},
  isbn = {978-1-60558-267-2},
  url = {http://portal.acm.org/citation.cfm?doid=1449913.1449927},
  doi = {10.1145/1449913.1449927},
  shorttitle = {Property Models},
  timestamp = {2017-08-02T07:27:26Z},
  langid = {english},
  booktitle = {Proceedings of the 7th {{International Conference}} on {{Generative Programming}} and {{Component Engineering}}},
  publisher = {{ACM}},
  author = {Järvi, Jaakko and Marcus, Mat and Parent, Sean and Freeman, John and Smith, Jacob N.},
  urldate = {2017-06-12},
  date = {2008},
  pages = {89--98},
  file = {Property models - from incidental algorithms to reusable components.pdf:/home/iquabius/.zotero/zotero/2zk0h4k6.default/zotero/storage/IKPWHJRM/Property models - from incidental algorithms to reusable components.pdf:application/pdf}
}

@online{braithwaite2007,
  title = {Why {{Why Functional Programming Matters Matters}}},
  url = {http://raganwald.com/2014/12/20/why-why-functional-programming-matters-matters.html},
  timestamp = {2017-06-12T13:02:50Z},
  author = {Braithwaite, Reginald},
  urldate = {2017-06-12},
  date = {2007},
  file = {Why Why Functional Programming Matters Matters:/home/iquabius/.zotero/zotero/2zk0h4k6.default/zotero/storage/73KKCAK5/why-why-functional-programming-matters-matters.html:text/html}
}

@article{mogk,
  title = {Reactive {{Interfaces}}: {{Combining Events}} and {{Expressing Signals}}},
  url = {http://pace-erc.eu/assets/preprint/Mogk%20-%202015%20-%20Reactive%20Interfaces.pdf},
  shorttitle = {Reactive {{Interfaces}}},
  timestamp = {2017-01-24T23:17:43Z},
  author = {Mogk, Ragnar},
  urldate = {2017-01-24}
}

@online{gamma1995,
  title = {Design {{Patterns}}: {{Elements}} of {{Reusable Object}}-{{Oriented Software}}},
  url = {http://papers.cumincad.org/cgi-bin/works/Show?5986},
  shorttitle = {Design {{Patterns}}},
  abstract = {The book is an introduction to the idea of design patterns in software engineering, and a catalog of twenty-three common patterns. The nice thing is, most experienced OOP designers will find out they've known about patterns all along. It's just that they've never considered them as such, or tried to centralize the idea behind a given pattern so that it will be easily reusable.},
  timestamp = {2017-07-01T19:19:17Z},
  journaltitle = {Reading, MA: Addison-Wesley},
  author = {Gamma, E.},
  urldate = {2017-07-01},
  date = {1995},
  file = {1995, GoF. Design Patterns, Elements of Reusable Object-Oriented Software.pdf:/home/iquabius/Work/Unemat/Ciência da Computação/TCC/Books/1995, GoF. Design Patterns, Elements of Reusable Object-Oriented Software.pdf:application/pdf;Snapshot:/home/iquabius/.zotero/zotero/2zk0h4k6.default/zotero/storage/2D4N6HG4/Show.html:text/html}
}

@article{bainomugisha2013,
  title = {A Survey on Reactive Programming},
  volume = {45},
  url = {http://dl.acm.org/citation.cfm?id=2501666},
  timestamp = {2017-07-31T09:53:18Z},
  number = {4},
  journaltitle = {ACM Computing Surveys (CSUR)},
  author = {Bainomugisha, Engineer and Carreton, Andoni Lombide and Cutsem, Tom Van and Mostinckx, Stijn and de Meuter, Wolfgang},
  urldate = {2017-01-24},
  date = {2013},
  pages = {52},
  file = {Bainomugisha et al, 2013. A survey on reactive programming.pdf:/home/iquabius/.zotero/zotero/2zk0h4k6.default/zotero/storage/595QT7JA/Bainomugisha et al, 2013. A survey on reactive programming.pdf:application/pdf}
}

@inproceedings{salvaneschi2014a,
  title = {{{REScala}}: {{Bridging}} between Object-Oriented and Functional Style in Reactive Applications},
  url = {http://dl.acm.org/citation.cfm?id=2577083},
  shorttitle = {{{REScala}}},
  timestamp = {2017-01-24T23:17:50Z},
  booktitle = {Proceedings of the 13th International Conference on {{Modularity}}},
  publisher = {{ACM}},
  author = {Salvaneschi, Guido and Hintz, Gerold and Mezini, Mira},
  urldate = {2017-01-24},
  date = {2014},
  pages = {25--36}
}

@collection{hudak2008,
  location = {{Berlin ; New York}},
  title = {Practical Aspects of Declarative Languages: 10th International Symposium, {{PADL}} 2008, {{San Francisco}}, {{CA}}, {{USA}}, {{January}} 7-8, 2008: Proceedings},
  isbn = {978-3-540-77441-9},
  shorttitle = {Practical Aspects of Declarative Languages},
  pagetotal = {332},
  timestamp = {2017-01-24T23:17:22Z},
  number = {4902},
  series = {Lecture notes in computer science},
  publisher = {{Springer}},
  editor = {Hudak, Paul and Warren, David S.},
  date = {2008},
  note = {OCLC: ocn190795631},
  keywords = {Programming languages (Electronic computers),Semantics}
}

@article{hughes1989,
  title = {Why Functional Programming Matters},
  volume = {32},
  url = {https://academic.oup.com/comjnl/article-abstract/32/2/98/543535},
  timestamp = {2017-07-02T22:47:04Z},
  number = {2},
  journaltitle = {The computer journal},
  author = {Hughes, John},
  date = {1989},
  pages = {98--107},
  file = {Hughes-1989-Why_functional_programming_matters.pdf:/home/iquabius/mega/Files/ZotFiles/Hughes-1989-Why_functional_programming_matters.pdf:application/pdf;Snapshot:/home/iquabius/.zotero/zotero/2zk0h4k6.default/zotero/storage/TQH8KE6P/Why-Functional-Programming-Matters.html:text/html}
}

@inproceedings{lloyd1994,
  title = {Practical {{Advtanages}} of {{Declarative Programming}}},
  url = {ftp://cliplab.org/pub/papers/PARFORCE/second_review/D.WP3.1.M2.3.ps.Z},
  timestamp = {2017-07-31T01:12:39Z},
  booktitle = {{{GULP}}-{{PRODE}} (1)},
  author = {Lloyd, John W.},
  date = {1994},
  pages = {18--30}
}

@inproceedings{fischer2007,
  location = {{New York, NY, USA}},
  title = {Tasks: {{Language Support}} for {{Event}}-Driven {{Programming}}},
  isbn = {978-1-59593-620-2},
  url = {http://doi.acm.org/10.1145/1244381.1244403},
  doi = {10.1145/1244381.1244403},
  shorttitle = {Tasks},
  abstract = {The event-driven programming style is pervasive as an efficient method for interacting with the environment. Unfortunately, the event-driven style severely complicates program maintenance and understanding, as it requires each logical flow of control to be fragmented across multiple independent callbacks. We propose tasks as a new programming model for organizing event-driven programs. Tasks are a variant of cooperative multi-threading and allow each logical control flow to be modularized in the traditional manner, including usage of standard control mechanisms like procedures and exceptions. At the same time, by using method annotations, task-based programs can be automatically and modularly translated into efficient event-based code, using a form of continuation passing style (CPS) translation. A linkable scheduler architecture permits tasks to be used in many different contexts. We have instantiated our model as a backward-compatible extension to Java, called TaskJava. We illustrate the benefits of our language through a formalization in an extension to Featherweight Java, and through a case study based on an open-source web server.},
  timestamp = {2017-08-02T07:28:51Z},
  booktitle = {Proceedings of the 2007 {{ACM SIGPLAN Symposium}} on {{Partial Evaluation}} and {{Semantics}}-Based {{Program Manipulation}}},
  series = {PEPM '07},
  publisher = {{ACM}},
  author = {Fischer, Jeffrey and Majumdar, Rupak and Millstein, Todd},
  date = {2007},
  pages = {134--143}
}

@inproceedings{edwards2009,
  location = {{New York, NY, USA}},
  title = {Coherent {{Reaction}}},
  isbn = {978-1-60558-768-4},
  url = {http://doi.acm.org/10.1145/1639950.1640058},
  doi = {10.1145/1639950.1640058},
  abstract = {Side effects are both the essence and bane of imperative programming. The programmer must carefully coordinate actions to manage their side effects upon each other. Such coordination is complex, error-prone, and fragile. Coherent reaction is a new model of change-driven computation that coordinates effects automatically. State changes trigger events called reactions that in turn change other states. A coherent execution order is one in which each reaction executes before any others that are affected by its changes. A coherent order is discovered iteratively by detecting incoherencies as they occur and backtracking their effects. Unlike alternative solutions, much of the power of imperative programming is retained, as is the common sense notion of mutable state. Automatically coordinating actions lets the programmer express what to do, not when to do it. Coherent reactions are embodied in the Coherence language, which is specialized for interactive applications like those common on the desktop and web. The fundamental building block of Coherence is the dynamically typed mutable tree. The fundamental abstraction mechanism is the virtual tree, whose value is lazily computed, and whose behavior is generated by coherent reactions.},
  timestamp = {2017-08-02T07:29:17Z},
  booktitle = {Proceedings of the 24th {{ACM SIGPLAN Conference Companion}} on {{Object Oriented Programming Systems Languages}} and {{Applications}}},
  series = {OOPSLA '09},
  publisher = {{ACM}},
  author = {Edwards, Jonathan},
  date = {2009},
  pages = {925--932},
  keywords = {bidirectional functions,Functional Reactive Programming,interactive systems,reactive systems,synchronous reactive programming,trees},
  file = {Coherent Reaction (Jonathan Edwards, 2009).pdf:/home/iquabius/Work/Unemat/Ciência da Computação/TCC/Literatura/Programação Reativa/Outros/Coherent Reaction (Jonathan Edwards, 2009).pdf:application/pdf}
}

@report{maier2010,
  location = {{Lausanne, Switzerland}},
  title = {Deprecating the Observer Pattern},
  url = {http://infoscience.epfl.ch/record/148043},
  timestamp = {2017-08-01T04:19:07Z},
  langid = {english},
  number = {EPFL-REPORT-148043},
  institution = {{École Polytechnique Fédérale de Lausanne (EPFL)}},
  author = {Maier, Ingo and Rompf, Tiark and Odersky, Martin},
  date = {2010},
  pages = {18},
  file = {Maier et al, 2010. Deprecating the observer pattern.pdf:/home/iquabius/.zotero/zotero/2zk0h4k6.default/zotero/storage/63BWXN7S/Maier et al, 2010. Deprecating the observer pattern.pdf:application/pdf;2010. Maier. Deprecating the Observer Pattern.pdf:/home/iquabius/Work/Unemat/Ciência da Computação/TCC/Literatura/Programação Reativa/2010. Maier. Deprecating the Observer Pattern.pdf:application/pdf;Snapshot:/home/iquabius/.zotero/zotero/2zk0h4k6.default/zotero/storage/MDPGE7Z6/148043.html:text/html}
}

@collection{assayag2009,
  location = {{Sampzon; Paris}},
  title = {New Computational Paradigms for Computer Music},
  isbn = {978-2-7521-0054-2},
  pagetotal = {186},
  timestamp = {2017-08-01T21:13:40Z},
  langid = {english},
  series = {Collection Musique/sciences},
  publisher = {{Delatour ; IRCAM}},
  editor = {Assayag, Gérard and Gerzso, Andrew and {IRCAM (Research institute : France)}},
  date = {2009},
  note = {OCLC Number: 436627773}
}

@article{turing1937,
  title = {On Computable Numbers, with an Application to the {{Entscheidungsproblem}}},
  volume = {2},
  url = {http://onlinelibrary.wiley.com/doi/10.1112/plms/s2-42.1.230/full},
  timestamp = {2017-07-14T18:38:23Z},
  number = {1},
  journaltitle = {Proceedings of the London mathematical society},
  author = {Turing, Alan Mathison},
  date = {1937},
  pages = {230--265},
  file = {Turing-1937-On_computable_numbers,_with_an_application_to_the_Entscheidungsproblem.pdf:/home/iquabius/mega/Files/ZotFiles/Turing-1937-On_computable_numbers,_with_an_application_to_the_Entscheidungsproblem.pdf:application/pdf;Snapshot:/home/iquabius/.zotero/zotero/2zk0h4k6.default/zotero/storage/BEDCT2NA/full.html:text/html},
  groups = {Computation Theory}
}

@article{rao2003,
  title = {Stochastic Chemical Kinetics and the Quasi-Steady-State Assumption: Application to the {{Gillespie}} Algorithm},
  volume = {118},
  url = {http://aip.scitation.org/doi/abs/10.1063/1.1545446},
  shorttitle = {Stochastic Chemical Kinetics and the Quasi-Steady-State Assumption},
  timestamp = {2017-07-31T01:42:16Z},
  number = {11},
  journaltitle = {The Journal of chemical physics},
  author = {Rao, Christopher V. and Arkin, Adam P.},
  urldate = {2017-07-31},
  date = {2003},
  pages = {4999--5010},
  file = {Smolka_CCProg94rep.pdf:/home/iquabius/.zotero/zotero/2zk0h4k6.default/zotero/storage/DCUF8U5C/Smolka_CCProg94rep.pdf:application/pdf},
  groups = {Computation Theory}
}

@inproceedings{smolka1994,
  title = {A Foundation for Higher-Order Concurrent Constraint Programming},
  url = {https://link.springer.com/chapter/10.1007/BFb0016844},
  timestamp = {2017-07-31T01:43:03Z},
  booktitle = {International {{Conference}} on {{Constraints}} in {{Computational Logics}}},
  publisher = {{Springer}},
  author = {Smolka, Gert},
  date = {1994},
  pages = {50--72},
  file = {Snapshot:/home/iquabius/.zotero/zotero/2zk0h4k6.default/zotero/storage/H57NHHK8/BFb0016844.html:text/html},
  groups = {Computation Theory}
}

@inproceedings{vanroy2003,
  location = {{Reno, Nevada, USA}},
  title = {The Role of Language Paradigms in Teaching Programming},
  volume = {35},
  url = {http://dl.acm.org/citation.cfm?id=611908},
  eventtitle = {Special Interest Group on Computer Science Education},
  timestamp = {2017-08-02T05:13:00Z},
  booktitle = {Proceedings of the 34th {{SIGCSE}} Technical Symposium on {{Computer}} Science Education},
  publisher = {{ACM}},
  author = {Van Roy, Peter and Armstrong, Joe and Flatt, Matthew and Magnusson, Boris},
  urldate = {2017-07-24},
  date = {2003},
  pages = {269--270},
  file = {2003. ROY, Peter Van. The role of language paradigms in teaching programming. Bélgica.pdf:/home/iquabius/Work/Unemat/Ciência da Computação/TCC/Literatura/2003. ROY, Peter Van. The role of language paradigms in teaching programming. Bélgica.pdf:application/pdf},
  groups = {Education}
}

@article{krishnamurthi2008,
  title = {Teaching {{Programming Languages}} in a {{Post}}-Linnaean {{Age}}},
  volume = {43},
  issn = {0362-1340},
  url = {http://128.148.32.110/people/sk/Publications/Papers/Published/sk-teach-pl-post-linnaean/paper.pdf},
  doi = {10.1145/1480828.1480846},
  abstract = {Programming language "paradigms" are a moribund and tedious legacy of a bygone age. Modern language designers pay them no respect, so why do our courses slavishly adhere to them? This paper argues that we should abandon this method of teaching languages, offers an alternative, reconciles an important split in programming language education, and describes a textbook that explores these matters.},
  timestamp = {2017-07-31T18:55:51Z},
  number = {11},
  journaltitle = {SIGPLAN Notices},
  author = {Krishnamurthi, Shriram},
  date = {2008},
  pages = {81--83},
  file = {Krishnamurthi, 2008. Teaching Programming Languages in a Post-linnaean Age.pdf:/home/iquabius/.zotero/zotero/2zk0h4k6.default/zotero/storage/IBBET63R/Krishnamurthi, 2008. Teaching Programming Languages in a Post-linnaean Age.pdf:application/pdf},
  groups = {Education}
}

@book{krishnamurthi2007,
  title = {Programming Languages: {{Application}} and Interpretation},
  url = {http://cs.brown.edu/courses/cs173/2012/book/book.pdf},
  shorttitle = {Programming Languages},
  timestamp = {2017-07-31T19:40:59Z},
  publisher = {{Shriram Krishnamurthi}},
  author = {Krishnamurthi, Shriram},
  date = {2007},
  file = {Krishnamurthi - 2007 - Programming languages Application and interpretat.pdf:/home/iquabius/.zotero/zotero/2zk0h4k6.default/zotero/storage/MN7ARNN9/Krishnamurthi - 2007 - Programming languages Application and interpretat.pdf:application/pdf},
  groups = {Education}
}

@book{felleisen2001,
  title = {How to Design Programs: An Introduction to Programming and Computing},
  url = {http://books.google.com/books?hl=en&lr=&id=Eg1Tu9Ds8ugC&oi=fnd&pg=PR13&dq=%22Designing+Conditional%22+%22Mixing+and+Distinguishing%22+%22Processing+Arbitrarily+Large%22+%22Lists+that+Contain%22+%22Designing+Complex%22+%22Compound+Data,+Part+1:%22+%22Extended+Exercise:+Moving%22+%22Designing+Functions+for+Self-Referential+Data%22+&ots=4YQYxcUKnu&sig=AHDBgvI_mfUik0C2sZEY3ffrMRU},
  shorttitle = {How to Design Programs},
  timestamp = {2017-07-31T20:29:20Z},
  publisher = {{MIT Press}},
  author = {Felleisen, Matthias},
  urldate = {2017-07-31},
  date = {2001},
  file = {Felleisen, 2001. How to design programs.pdf:/home/iquabius/.zotero/zotero/2zk0h4k6.default/zotero/storage/GM87MJ62/Felleisen, 2001. How to design programs.pdf:application/pdf;Felleisen, 2001. How to design programs.pdf:/home/iquabius/Work/Unemat/Ciência da Computação/TCC/Literatura/xOutros/Ensino de Programação/Felleisen, 2001. How to design programs.pdf:application/pdf},
  groups = {Education}
}

@article{gammie2009,
  title = {Concepts, {{Techniques}}, and {{Models}} of {{Computer Programming}}},
  volume = {19},
  url = {http://search.proquest.com/openview/be7a797ab3e3cbf9a913e9de6f7180ab/1?pq-origsite=gscholar&cbl=37264},
  timestamp = {2017-08-02T05:03:19Z},
  number = {2},
  journaltitle = {Journal of Functional Programming},
  author = {Gammie, Peter and Van, Peter and Roy, Seif and {others}},
  date = {2009},
  pages = {254},
  file = {Snapshot:/home/iquabius/.zotero/zotero/2zk0h4k6.default/zotero/storage/X87HQZC4/1.html:text/html},
  groups = {Education}
}

@article{leal2014,
  title = {Ensino de Programação No Ensino Médio Integrado: Uma Abordagem Utilizando Padrões e Jogos Com Materiais Concretos},
  url = {http://repositorio.bc.ufg.br/tede/handle/tede/3613},
  shorttitle = {Ensino de Programação No Ensino Médio Integrado},
  timestamp = {2017-08-03T07:59:05Z},
  author = {Leal, Alexis Vinicius de Aquino and {others}},
  date = {2014},
  file = {Leal et al, 2014. Ensino de programação no ensino médio integrado..pdf:/home/iquabius/.zotero/zotero/2zk0h4k6.default/zotero/storage/GD8BJ225/Leal et al, 2014. Ensino de programação no ensino médio integrado..pdf:application/pdf;Snapshot:/home/iquabius/.zotero/zotero/2zk0h4k6.default/zotero/storage/VFZRTQRW/3613.html:text/html},
  groups = {Education}
}

@article{perera,
  title = {Interactive {{Programming}}},
  url = {http://dynamicaspects.org/papers/TFP2009.pdf},
  timestamp = {2017-08-02T06:15:00Z},
  author = {Perera, Roly},
  file = {Perera, Interactive Programming..pdf:/home/iquabius/.zotero/zotero/2zk0h4k6.default/zotero/storage/K3U6T4DX/Perera, Interactive Programming..pdf:application/pdf},
  groups = {FP}
}

@report{berry1989,
  location = {{Valbonne, France}},
  title = {Real Time Programming: {{Special}} Purpose or General Purpose Languages},
  url = {https://hal.inria.fr/inria-00075494/document},
  shorttitle = {Real Time Programming},
  timestamp = {2017-07-31T21:54:10Z},
  langid = {english},
  number = {RR-1065},
  series = {inria-00075494},
  institution = {{Institut National de Recherche en Informatique et en Automatique}},
  type = {Relatório de {{Pesquisa}}},
  author = {Berry, Gerard},
  date = {1989},
  pages = {12},
  file = {Berry-1989-Real_time_programming.pdf:/home/iquabius/mega/Files/ZotFiles/Berry-1989-Real_time_programming.pdf:application/pdf},
  groups = {FRP}
}

@report{reppy1992,
  title = {Higher-Order Concurrency},
  url = {https://ecommons.cornell.edu/handle/1813/7125},
  timestamp = {2017-06-12T14:00:41Z},
  institution = {{Cornell University}},
  author = {Reppy, John H.},
  urldate = {2017-06-12},
  date = {1992},
  file = {Higher-order Concurrency (John Hamilton Reppy, 1992).pdf:/home/iquabius/.zotero/zotero/2zk0h4k6.default/zotero/storage/4IF4D6BP/Higher-order Concurrency (John Hamilton Reppy, 1992).pdf:application/pdf},
  groups = {FRP}
}

@article{czaplicki2012,
  title = {Elm: {{Concurrent FRP}} for {{Functional GUIs}}},
  url = {https://www.seas.harvard.edu/sites/default/files/files/archived/Czaplicki.pdf},
  shorttitle = {Elm},
  timestamp = {2017-06-12T14:45:30Z},
  journaltitle = {Senior thesis, Harvard University},
  author = {Czaplicki, Evan},
  urldate = {2017-06-12},
  date = {2012},
  file = {Elm - Concurrent FRP for Functional GUIs, by Evan Czaplicki.pdf:/home/iquabius/.zotero/zotero/2zk0h4k6.default/zotero/storage/A5FHQHWQ/Elm - Concurrent FRP for Functional GUIs, by Evan Czaplicki.pdf:application/pdf},
  groups = {FRP}
}

@inproceedings{salvaneschi2014,
  location = {{Hong Kong, China}},
  title = {An Empirical Study on Program Comprehension with Reactive Programming},
  url = {http://dl.acm.org/citation.cfm?id=2635895},
  abstract = {Starting from the first investigations with strictly functional languages, reactive programming has been proposed as THE programming paradigm for reactive applications. The advantages of designs based on this style over designs based on the Observer design pattern have been studied for a long time. Over the years, researchers have enriched reactive languages with more powerful abstractions, embedded these abstractions into mainstream languages – including object-oriented languages – and applied reactive programming to several domains, like GUIs, animations, Web applications, robotics, and sensor networks. However, an important assumption behind this line of research – that, beside other advantages, reactive programming makes a wide class of otherwise cumbersome applications more comprehensible – has never been evaluated. In this paper, we present the design and the results of the first empirical study that evaluates the effect of reactive programming on comprehensibility compared to the traditional object-oriented style with the Observer design pattern. Results confirm the conjecture that comprehensibility is enhanced by reactive programming. In the experiment, the reactive programming group significantly outperforms the other group.},
  eventtitle = {Foundations of Software Engineering},
  timestamp = {2017-08-02T04:37:11Z},
  booktitle = {Proceedings of the 22nd {{ACM SIGSOFT International Symposium}} on {{Foundations}} of {{Software Engineering}}},
  publisher = {{ACM}},
  author = {Salvaneschi, Guido and Amann, Sven and Proksch, Sebastian and Mezini, Mira},
  urldate = {2017-01-24},
  date = {2014},
  pages = {564--575},
  file = {Salvaneschi-2014-An_empirical_study_on_program_comprehension_with_reactive_programming.pdf:/home/iquabius/Work/Unemat/Ciência da Computação/TCC/Literatura/2014. Salvaneschi, Guido. An Empirical Study on Program Comprehension with Reactive Programming.pdf:application/pdf},
  groups = {FRP}
}

@inproceedings{elliott1997,
  title = {Functional Reactive Animation},
  volume = {32},
  url = {http://dl.acm.org/citation.cfm?id=258973},
  timestamp = {2017-06-12T14:23:37Z},
  booktitle = {{{ACM SIGPLAN Notices}}},
  publisher = {{ACM}},
  author = {Elliott, Conal and Hudak, Paul},
  urldate = {2017-06-12},
  date = {1997},
  pages = {263--273},
  file = {Functional Reactive Animation (Conal Elliot, 1997).pdf:/home/iquabius/.zotero/zotero/2zk0h4k6.default/zotero/storage/4V2EG7GM/Functional Reactive Animation (Conal Elliot, 1997).pdf:application/pdf},
  groups = {FRP}
}

@inproceedings{cooper2006,
  title = {Embedding Dynamic Dataflow in a Call-by-Value Language},
  volume = {3924},
  url = {http://link.springer.com/content/pdf/10.1007/11693024.pdf#page=305},
  timestamp = {2017-07-24T01:17:54Z},
  booktitle = {{{ESOP}}},
  publisher = {{Springer}},
  author = {Cooper, Gregory H. and Krishnamurthi, Shriram},
  date = {2006},
  pages = {294--308},
  file = {[PDF] brown.edu:/home/iquabius/.zotero/zotero/2zk0h4k6.default/zotero/storage/9X3KN3GD/Cooper and Krishnamurthi - 2006 - Embedding dynamic dataflow in a call-by-value lang.pdf:application/pdf;Snapshot:/home/iquabius/.zotero/zotero/2zk0h4k6.default/zotero/storage/67UN6JJ9/11693024.html:text/html},
  groups = {FRP}
}

@inproceedings{santanna2015,
  title = {Structured Synchronous Reactive Programming with {{Céu}}},
  url = {http://dl.acm.org/citation.cfm?id=2724571},
  timestamp = {2017-08-01T04:04:51Z},
  booktitle = {Proceedings of the 14th {{International Conference}} on {{Modularity}}},
  publisher = {{ACM}},
  author = {Sant'Anna, Francisco and Ierusalimschy, Roberto and Rodriguez, Noemi},
  date = {2015},
  pages = {29--40},
  file = {Sant'Anna et al, 2015. Structured synchronous reactive programming with Céu.pdf:/home/iquabius/.zotero/zotero/2zk0h4k6.default/zotero/storage/PGVVQHTT/Sant'Anna et al, 2015. Structured synchronous reactive programming with Céu.pdf:application/pdf;Snapshot:/home/iquabius/.zotero/zotero/2zk0h4k6.default/zotero/storage/F8M8AQJZ/citation.html:text/html},
  groups = {FRP}
}

@article{myers1994,
  title = {Challenges of {{HCI}} Design and Implementation},
  volume = {1},
  url = {http://dl.acm.org/citation.cfm?id=174808},
  doi = {10.1145/174800.174808},
  timestamp = {2017-08-02T05:22:35Z},
  langid = {english},
  number = {1},
  journaltitle = {ACM Interactions},
  author = {Myers, Brad},
  urldate = {2017-07-04},
  date = {1994},
  pages = {73--83},
  groups = {GUIs}
}

@article{xavier2002,
  title = {Cognição, {{Interação}} e {{Envelhecimento}}: {{Estudo}} Exploratório a Partir de Oficinas de Internet},
  url = {https://repositorio.ufsc.br/handle/123456789/82767},
  shorttitle = {Cognição, {{Interação}} e {{Envelhecimento}}},
  timestamp = {2017-07-07T15:49:32Z},
  author = {Xavier, André Junqueira and {others}},
  urldate = {2017-07-07},
  date = {2002},
  file = {198971.pdf:/home/iquabius/.zotero/zotero/2zk0h4k6.default/zotero/storage/N6NUB5MF/198971.pdf:application/pdf},
  groups = {HCI}
}

@inproceedings{salvaneschi2016,
  title = {Debugging for Reactive Programming},
  url = {http://dl.acm.org/citation.cfm?id=2884815},
  timestamp = {2017-07-04T22:53:04Z},
  booktitle = {Proceedings of the 38th {{International Conference}} on {{Software Engineering}}},
  publisher = {{ACM}},
  author = {Salvaneschi, Guido and Mezini, Mira},
  date = {2016},
  pages = {796--807},
  file = {Salvaneschi-2016-Debugging_for_reactive_programming.pdf:/home/iquabius/mega/Files/ZotFiles/Salvaneschi-2016-Debugging_for_reactive_programming.pdf:application/pdf;Snapshot:/home/iquabius/.zotero/zotero/2zk0h4k6.default/zotero/storage/QRHP5HKP/citation.html:text/html},
  groups = {Maybe}
}

@inproceedings{haller2016,
  title = {Reactive {{Async}}: Expressive Deterministic Concurrency},
  url = {http://dl.acm.org/citation.cfm?id=2998396},
  shorttitle = {Reactive {{Async}}},
  timestamp = {2017-07-04T22:53:04Z},
  booktitle = {Proceedings of the 2016 7th {{ACM SIGPLAN Symposium}} on {{Scala}}},
  publisher = {{ACM}},
  author = {Haller, Philipp and Geries, Simon and Eichberg, Michael and Salvaneschi, Guido},
  date = {2016},
  pages = {11--20},
  file = {Haller-2016-Reactive_Async.pdf:/home/iquabius/mega/Files/ZotFiles/Haller-2016-Reactive_Async.pdf:application/pdf;Snapshot:/home/iquabius/.zotero/zotero/2zk0h4k6.default/zotero/storage/NCBT2BZV/citation.html:text/html},
  groups = {Maybe}
}

@book{gerhardt2009,
  title = {Métodos de Pesquisa},
  url = {https://books.google.com.br/books?hl=en&lr=&id=dRuzRyEIzmkC&oi=fnd&pg=PA9&dq=M%C3%A9todos+de+pesquisa+gerhardt+2009&ots=91XfUXoqOJ&sig=qdHyWHY1CU9VBo1iOrJYXHV5sNo},
  timestamp = {2017-07-02T21:31:13Z},
  publisher = {{Plageder}},
  author = {Gerhardt, Tatiana Engel and Silveira, Denise Tolfo},
  date = {2009},
  file = {[HTML] google.com.br:/home/iquabius/.zotero/zotero/2zk0h4k6.default/zotero/storage/2SC4W6H6/books.html:text/html},
  groups = {Methods}
}

@book{santos2009,
  title = {Manual de Métodos e Técnicas de Pesquisa Científica},
  timestamp = {2017-07-06T19:43:45Z},
  publisher = {{Impetus}},
  author = {dos Santos, Izequias Estevam},
  date = {2009},
  groups = {Methods}
}

@article{prodanov2013,
  title = {Metodologia Do Trabalho Científico},
  url = {http://www.feevale.br/Comum/midias/8807f05a-14d0-4d5b-b1ad-1538f3aef538/E-book%20Metodologia%20do%20Trabalho%20%20Cientifico.pdf},
  timestamp = {2017-07-24T22:51:01Z},
  journaltitle = {Novo Hamburgo: Feevale},
  author = {Prodanov, Cleber Cristiano and de FREITAS, Ernani Cesar},
  date = {2013},
  file = {[PDF] feevale.br:/home/iquabius/.zotero/zotero/2zk0h4k6.default/zotero/storage/N5P7R4PE/Prodanov and FREITAS - 2009 - Metodologia do trabalho científico.pdf:application/pdf},
  groups = {Methods}
}

@book{yin2001,
  location = {{Porto Alegre, RS}},
  title = {Estudo de {{Caso}}: {{Planejamento}} e {{Métodos}}},
  url = {https://books.google.com/books?hl=en&lr=&id=EtOyBQAAQBAJ&oi=fnd&pg=PR1&dq=YIN,+R.+K.+Estudo+de+caso:+planejamento+e+m%C3%A9todos&ots=-k4ghnzXrA&sig=vIlcDjbyX5P4a8IQFrgrwUXEPZs},
  shorttitle = {Estudo de {{Caso}}},
  timestamp = {2017-08-02T04:30:05Z},
  publisher = {{Bookman}},
  author = {Yin, Robert K.},
  date = {2001},
  file = {Yin, 2001. Estudo de Caso. Bookman.pdf:/home/iquabius/.zotero/zotero/2zk0h4k6.default/zotero/storage/BH25C9FZ/Yin, 2001. Estudo de Caso. Bookman.pdf:application/pdf;Snapshot:/home/iquabius/.zotero/zotero/2zk0h4k6.default/zotero/storage/VT2M4WQU/books.html:text/html},
  groups = {Methods}
}

@mvbook{leal2011,
  location = {{Itajaí, SC}},
  title = {Produção acadêmico-científica: a pesquisa e o ensaio},
  volume = {9},
  url = {http://livrozilla.com/doc/1378035/produ%C3%A7%C3%A3o-acad%C3%AAmico-cient%C3%ADfica--a-pesquisa-e-o-ensaio},
  shorttitle = {Produção acadêmico-científica},
  volumes = {9},
  pagetotal = {133},
  timestamp = {2017-07-31T21:37:08Z},
  langid = {portuguese},
  number = {1},
  series = {Cadernos de Ensino: Formação Continuada},
  publisher = {{UNIVALI}},
  author = {Leal, Elisabeth Juchem Machado},
  date = {2011},
  file = {Leal, 2011. Produção acadêmico-científica.pdf:/home/iquabius/.zotero/zotero/2zk0h4k6.default/zotero/storage/5BN35QXW/Leal, 2011. Produção acadêmico-científica.pdf:application/pdf},
  groups = {Methods}
}

@inproceedings{pucella1998,
  title = {Reactive Programming in {{Standard ML}}},
  url = {http://ieeexplore.ieee.org/abstract/document/674156/},
  timestamp = {2017-07-09T20:12:43Z},
  booktitle = {Computer {{Languages}}, 1998. {{Proceedings}}. 1998 {{International Conference}} On},
  publisher = {{IEEE}},
  author = {Pucella, Riccardo R.},
  date = {1998},
  pages = {48--57},
  file = {Pucella-1998-Reactive_programming_in_Standard_ML.pdf:/home/iquabius/mega/Files/ZotFiles/Pucella-1998-Reactive_programming_in_Standard_ML.pdf:application/pdf;Snapshot:/home/iquabius/.zotero/zotero/2zk0h4k6.default/zotero/storage/644XJNBQ/674156.html:text/html},
  groups = {PSD}
}

@thesis{kiss2014,
  location = {{Hannover, Germany}},
  title = {Comparison of {{Object}}-{{Oriented}} and {{Functional Programming}} for {{GUI Development}}},
  url = {http://www.eugenkiss.com/projects/thesis.pdf},
  abstract = {Traditionally, the object-oriented paradigm has been considered a good fit for designing and developing graphical user interfaces ( GUIs ). A large number of GUI frameworks are based on object oriented programming ( OOP ). Recently, functional programming ( FP ) has become more popular for mainstream development. This thesis is concerned with a comparison of the object-oriented approach and the functional approach applied to the development of graphical user interfaces. The languages and libraries which serve as a practical testbed for the comparison are Java/Java FX on the object-oriented side, and Scala/Scala FX , Scala. Rx , React FX and Elm on the functional side.},
  pagetotal = {123},
  timestamp = {2017-08-08T18:29:48Z},
  langid = {english},
  institution = {{Leibniz Universität Hannover}},
  type = {Master of {{Computer Science}}},
  author = {Kiss, Eugen},
  date = {2014},
  file = {Kiss - 2014 - Comparison of Object-Oriented and Functional Progr.pdf:/home/iquabius/.zotero/zotero/2zk0h4k6.default/zotero/storage/H8PPZB8N/Kiss - 2014 - Comparison of Object-Oriented and Functional Progr.pdf:application/pdf},
  groups = {Related Work}
}

@inproceedings{kutar2000,
  title = {Cognitive Dimensions an Experience Report},
  url = {http://www.ppig.org/papers/12th-kutar.pdf},
  timestamp = {2017-07-23T18:55:31Z},
  booktitle = {Proceedings of the {{Twelfth Annual Meeting}} of the {{Psychology}} of {{Programming Interest Group}}},
  author = {Kutar, Maria and Britton, Carol and Wilson, Jonathan},
  date = {2000},
  pages = {81--98},
  file = {Kutar et al. - 2000 - Cognitive dimensions an experience report.pdf:/home/iquabius/.zotero/zotero/2zk0h4k6.default/zotero/storage/NFBCNBG5/Kutar et al. - 2000 - Cognitive dimensions an experience report.pdf:application/pdf},
  groups = {Related Work}
}

@book{noble1994a,
  title = {Functional {{Languages}} and {{Graphical User Interfaces}}: {{A Review}} and a {{Case Study}}},
  url = {https://www.cs.york.ac.uk/ftpdir/reports/94/YCS/223/YCS-94-223.us.ps.Z},
  shorttitle = {Functional {{Languages}} and {{Graphical User Interfaces}}},
  timestamp = {2017-07-23T18:55:46Z},
  publisher = {{University of York, Department of Computer Science}},
  author = {Noble, Rob and Runciman, Colin},
  date = {1994},
  groups = {Related Work}
}

@inproceedings{courtney2003,
  title = {Functionally Modeled User Interfaces},
  volume = {2844},
  url = {http://link.springer.com/content/pdf/10.1007/b13960.pdf#page=120},
  timestamp = {2017-07-23T19:01:14Z},
  booktitle = {{{DSV}}-{{IS}}},
  publisher = {{Springer}},
  author = {Courtney, Antony},
  date = {2003},
  pages = {107--123},
  file = {[PDF] antonycourtney.com:/home/iquabius/.zotero/zotero/2zk0h4k6.default/zotero/storage/7G55I5HP/Courtney - 2003 - Functionally modeled user interfaces.pdf:application/pdf;Snapshot:/home/iquabius/.zotero/zotero/2zk0h4k6.default/zotero/storage/PGQ4995X/b13960.html:text/html},
  groups = {Related Work}
}

@inproceedings{clarke2003,
  location = {{Keele, UK}},
  title = {Using the Cognitive Dimensions Framework to Evaluate the Usability of a Class Library},
  url = {https://pdfs.semanticscholar.org/1193/4bc6a4cb76700c38d86c7106b09fe2147d3d.pdf},
  eventtitle = {15th Workshop of the Psychology of Programming Interest Group},
  timestamp = {2017-08-02T07:30:12Z},
  booktitle = {Proceedings of the {{First Joint Conference}} of {{EASE PPIG}} ({{PPIG}} 2003)},
  publisher = {{Keele University}},
  author = {Clarke, Steven and Becker, Curtis},
  date = {2003},
  pages = {359--366},
  file = {Clarke and Becker - 2003 - Using the cognitive dimensions framework to evalua.pdf:/home/iquabius/.zotero/zotero/2zk0h4k6.default/zotero/storage/J4RISA7P/Clarke and Becker - 2003 - Using the cognitive dimensions framework to evalua.pdf:application/pdf},
  groups = {Related Work}
}

@inproceedings{green2000,
  title = {Instructions and Descriptions: Some Cognitive Aspects of Programming and Similar Activities},
  url = {http://dl.acm.org/citation.cfm?id=345233},
  shorttitle = {Instructions and Descriptions},
  timestamp = {2017-07-23T19:34:49Z},
  booktitle = {Proceedings of the Working Conference on {{Advanced}} Visual Interfaces},
  publisher = {{ACM}},
  author = {Green, Thomas RG},
  date = {2000},
  pages = {21--28},
  file = {[PDF] cam.ac.uk:/home/iquabius/.zotero/zotero/2zk0h4k6.default/zotero/storage/NA7DEZW4/Green - 2000 - Instructions and descriptions some cognitive aspe.pdf:application/pdf;Snapshot:/home/iquabius/.zotero/zotero/2zk0h4k6.default/zotero/storage/K9SEVXW4/citation.html:text/html},
  groups = {Related Work}
}

@article{nishino,
  title = {{{ACM SRC}} 2012: {{Detailed Research Outline}} ‘{{Misfits}} in {{Abstraction}}: {{Towards User}}-Centered {{Design}} in {{Domain}}-Specific {{Languages}} for {{End}}-{{User Programming}}’},
  url = {https://pdfs.semanticscholar.org/eb72/4781df610df42d232e9ef4f04a01086f0500.pdf},
  shorttitle = {{{ACM SRC}} 2012},
  timestamp = {2017-07-23T20:31:57Z},
  author = {NISHINO, Hiroki},
  file = {NISHINO - ACM SRC 2012 Detailed Research Outline ‘Misfits i.pdf:/home/iquabius/.zotero/zotero/2zk0h4k6.default/zotero/storage/85KF8MBA/NISHINO - ACM SRC 2012 Detailed Research Outline ‘Misfits i.pdf:application/pdf},
  groups = {Related Work}
}

@article{green1996b,
  title = {Usability Analysis of Visual Programming Environments: A ‘Cognitive Dimensions’ Framework},
  volume = {7},
  url = {http://www.sciencedirect.com/science/article/pii/S1045926X96900099},
  shorttitle = {Usability Analysis of Visual Programming Environments},
  timestamp = {2017-07-29T23:27:41Z},
  number = {2},
  journaltitle = {Journal of Visual Languages \& Computing},
  author = {Green, Thomas R. G. and Petre, Marian},
  date = {1996},
  pages = {131--174},
  file = {1996. Green e Petre. Usability analysis of visual programming environments\: a ‘cognitive dimensions’ framework.pdf:/home/iquabius/Work/Unemat/Ciência da Computação/TCC/Literatura/Dimensões Cognitivas de Notações/1996. Green e Petre. Usability analysis of visual programming environments\: a ‘cognitive dimensions’ framework.pdf:application/pdf;Snapshot:/home/iquabius/.zotero/zotero/2zk0h4k6.default/zotero/storage/RI59BGNI/S1045926X96900099.html:text/html},
  groups = {Related Work}
}

@article{green1989,
  title = {Cognitive Dimensions of Notations},
  url = {https://books.google.com/books?hl=en&lr=&id=BTxOtt4X920C&oi=fnd&pg=PA443&dq=cognitive+dimensions+of+notations&ots=OFkf4wr2Ul&sig=VgGV-DcmRzWLgzchn0koDgu_hiU},
  timestamp = {2017-07-30T22:51:23Z},
  journaltitle = {People and computers V},
  author = {Green, Thomas RG},
  date = {1989},
  pages = {443--460},
  file = {[PDF] cam.ac.uk:/home/iquabius/.zotero/zotero/2zk0h4k6.default/zotero/storage/3DIRE6G5/Green - 1989 - Cognitive dimensions of notations.pdf:application/pdf;Snapshot:/home/iquabius/.zotero/zotero/2zk0h4k6.default/zotero/storage/HREG7H93/books.html:text/html},
  groups = {Related Work}
}

@inproceedings{sadowski2011,
  location = {{New York, NY, USA}},
  title = {Heuristic {{Evaluation}} of {{Programming Language Features}}: {{Two Parallel Programming Case Studies}}},
  isbn = {978-1-4503-1024-6},
  url = {http://doi.acm.org/10.1145/2089155.2089160},
  doi = {10.1145/2089155.2089160},
  shorttitle = {Heuristic {{Evaluation}} of {{Programming Language Features}}},
  abstract = {Usability is an important feature for programming languages, and user evaluations can provide invaluable feedback on language design. However, user studies which compare programming languages or systems are often very expensive and typically inconclusive. In this paper, we posit that discount usability methods can be successfully applied to programming languages concepts such as language features. We give examples of useful feedback received from applying heuristic evaluation to two language features targeted at parallel programming.},
  eventtitle = {Systems, Programming, Languages and Applications: Software for Humanity (SPLASH)},
  timestamp = {2017-08-02T04:47:54Z},
  booktitle = {Proceedings of the 3rd {{ACM SIGPLAN Workshop}} on {{Evaluation}} and {{Usability}} of {{Programming Languages}} and {{Tools}}},
  series = {PLATEAU '11},
  publisher = {{ACM}},
  author = {Sadowski, Caitlin and Kurniawan, Sri},
  date = {2011},
  pages = {9--14},
  keywords = {heuristic evaluation,programming languages,usability},
  groups = {Related Work}
}

@book{lin2016,
  title = {Building Simple Annotation Tools},
  url = {http://search.proquest.com/openview/8a1fc9d235c06c4362195bbbf03bc58a/1?pq-origsite=gscholar&cbl=18750&diss=y},
  timestamp = {2017-08-02T06:35:38Z},
  publisher = {{University of California, San Diego}},
  author = {Lin, Gordon},
  date = {2016},
  file = {Lin, 2016. Building simple annotation tools. University of California, San Diego.pdf:/home/iquabius/.zotero/zotero/2zk0h4k6.default/zotero/storage/JJXUG9RR/Lin, 2016. Building simple annotation tools. University of California, San Diego.pdf:application/pdf;Snapshot:/home/iquabius/.zotero/zotero/2zk0h4k6.default/zotero/storage/P9NX3JGM/1.html:text/html},
  groups = {Software Complexity}
}

@thesis{rota2016,
  title = {Hacking the Web 2.0: User Agency and the Role of Hackers as Computational Mediators},
  url = {http://etheses.lse.ac.uk/id/eprint/3313},
  shorttitle = {Hacking the Web 2.0},
  timestamp = {2017-08-02T07:02:04Z},
  institution = {{The London School of Economics and Political Science (LSE)}},
  author = {Rota, Andrea},
  date = {2016},
  file = {Rota, 2016. Hacking the web 2. The London School of Economics and Political Science (LSE).pdf:/home/iquabius/.zotero/zotero/2zk0h4k6.default/zotero/storage/RMVJ8I7M/Rota, 2016. Hacking the web 2. The London School of Economics and Political Science (LSE).pdf:application/pdf;Snapshot:/home/iquabius/.zotero/zotero/2zk0h4k6.default/zotero/storage/I9XAKH99/3313.html:text/html},
  groups = {Software Complexity}
}

@thesis{carvalho1999,
  location = {{Belo Horizonte}},
  title = {Inferência de Tipos e de Fluxos de Dados para Sistemas de Programação em Lógica},
  url = {http://www.inf.ufg.br/~cedric/downloads/tese.pdf},
  pagetotal = {223},
  timestamp = {2017-08-03T05:32:40Z},
  langid = {portuguese},
  institution = {{Universidade Federal de Minas Gerais}},
  type = {Doutorado em Ciência da Computação},
  author = {de Carvalho, Cedric Luiz},
  date = {1999},
  file = {Carvalho, 1999. Inferência de Tipos e de Fluxos de Dados para Sistemas de Programação em Lógica. Universidade Federal de Minas Gerais.pdf:/home/iquabius/.zotero/zotero/2zk0h4k6.default/zotero/storage/V3TKD6M8/Carvalho, 1999. Inferência de Tipos e de Fluxos de Dados para Sistemas de Programação em Lógica. Universidade Federal de Minas Gerais.pdf:application/pdf},
  groups = {Theses}
}

@article{jose2014,
  title = {{{OLSR Fuzzy Cost}} ({{OLSR}}-{{FC}}): Uma Extensão Ao Protocolo {{OLSR}} Baseada Em Lógica {{Fuzzy}} e Aplicada à Prevenção de Nós Egoístas},
  url = {http://repositorio.bc.ufg.br/xmlui/handle/ri/10452},
  shorttitle = {{{OLSR Fuzzy Cost}} ({{OLSR}}-{{FC}})},
  timestamp = {2017-08-03T22:09:11Z},
  author = {José, Diógenes Antonio Marques and {others}},
  date = {2014},
  file = {José et al, 2014. OLSR Fuzzy Cost (OLSR-FC)..pdf:/home/iquabius/.zotero/zotero/2zk0h4k6.default/zotero/storage/VBZDAPZ2/José et al, 2014. OLSR Fuzzy Cost (OLSR-FC)..pdf:application/pdf;Snapshot:/home/iquabius/.zotero/zotero/2zk0h4k6.default/zotero/storage/8R898JWH/10452.html:text/html},
  groups = {Theses}
}

@online{rouse2005,
  title = {What Is Stateless? - {{Definition}} from {{WhatIs}}.Com},
  rights = {TechTarget},
  shorttitle = {What Is Stateless?},
  abstract = {Also see finite state machine . Stateful and stateless are adjectives that describe whether a computer or computer program is designed to note and remem...},
  timestamp = {2017-07-31T20:50:32Z},
  langid = {english},
  journaltitle = {WhatIs.com},
  author = {Rouse, Margaret and Borger, Mats and Flanigan, Joseph},
  date = {2005},
  note = {Disponível em: $<$http://whatis.techtarget.com/definition/stateless$>$. Acesso em: 17 jul. 2017},
  file = {Snapshot:/home/iquabius/.zotero/zotero/2zk0h4k6.default/zotero/storage/22IBXVEE/stateless.html:text/html},
  groups = {Web Articles}
}

@online{medeiros2014,
  title = {The Introduction to {{Reactive Programming}} You've Been Missing},
  url = {https://gist.github.com/staltz/868e7e9bc2a7b8c1f754},
  abstract = {The introduction to Reactive Programming you've been missing},
  timestamp = {2017-07-31T22:54:33Z},
  journaltitle = {GitHub Gist},
  author = {Medeiros, André César de Souza},
  urldate = {2017-07-31},
  date = {2014},
  note = {Acesso em: 31 jul. 2017},
  file = {Snapshot:/home/iquabius/.zotero/zotero/2zk0h4k6.default/zotero/storage/URKPNQDA/868e7e9bc2a7b8c1f754.html:text/html},
  groups = {Web Articles}
}

@comment{jabref-meta: databaseType:biblatex;}
@comment{jabref-meta: groupstree:
0 AllEntriesGroup:;
1 ExplicitGroup:Computation Theory\;0\;;
1 ExplicitGroup:Education\;0\;;
1 ExplicitGroup:FP\;0\;;
1 ExplicitGroup:FRP\;0\;;
1 ExplicitGroup:GUIs\;0\;;
1 ExplicitGroup:HCI\;0\;;
1 ExplicitGroup:Maybe\;0\;;
1 ExplicitGroup:Methods\;0\;;
1 ExplicitGroup:PSD\;0\;;
1 ExplicitGroup:Related Work\;0\;;
1 ExplicitGroup:Software Complexity\;0\;;
1 ExplicitGroup:Theses\;0\;;
1 ExplicitGroup:Web Articles\;0\;;
}

